% This file was created with JabRef 2.10.
% Encoding: UTF8


@online{ejemplo_toroide,
	title  = {Topología Toroidal},
	author = {\url{https://www.conceptdraw.com/How-To-Guide/toroidal-network-topology}}
}

@online{mpi_init,
	title  = {Inicialización MPI},
	author = {\url{https://lsi.ugr.es/jmantas/ppr/ayuda/mpi_ayuda.php?ayuda=MPI_Init}}
}

@online{mpi_rank,
	title  = {Determinar \textit{rank} MPI},
	author = {\url{https://lsi.ugr.es/jmantas/ppr/ayuda/mpi_ayuda.php?ayuda=MPI_Comm_rank}}
}

@online{mpi_size,
	title  = {Determinar tamaño del comunicador MPI},
	author = {\url{https://lsi.ugr.es/jmantas/ppr/ayuda/mpi_ayuda.php?ayuda=MPI_Comm_size}}
}

@online{mpi_bcast,
	title  = {Broadcast MPI},
	author = {\url{https://lsi.ugr.es/jmantas/ppr/ayuda/mpi_ayuda.php?ayuda=MPI_Bcast}}
}

@online{mpi_send,
	title  = {Envío MPI},
	author = {\url{https://lsi.ugr.es/jmantas/ppr/ayuda/mpi_ayuda.php?ayuda=MPI_Send}}
}

@online{mpi_recv,
	title  = {Recepción MPI},
	author = {\url{https://lsi.ugr.es/jmantas/ppr/ayuda/mpi_ayuda.php?ayuda=MPI_Recv}}
}



